<?xml version="1.0" encoding="UTF-8" ?>
<marc:collection xmlns:marc="http://www.loc.gov/MARC21/slim"
	xmlns:xsi="http://www.w3.org/2001/XMLSchema-instance"
	xsi:schemaLocation="http://www.loc.gov/MARC21/slim http://www.loc.gov/standards/marcxml/schema/MARC21slim.xsd">
	<marc:record>
		<marc:leader>01138ccm a2200289 a 4500</marc:leader>
		<marc:controlfield tag="001">4411195</marc:controlfield>
		<marc:controlfield tag="005">20080411141300.0</marc:controlfield>
		<marc:controlfield tag="008">030212s2002    enkzzz         nn   eng d</marc:controlfield>
		<marc:datafield tag="020" ind1=" " ind2=" ">
			<marc:subfield code="a">0711996296</marc:subfield>
		</marc:datafield>
		<marc:datafield tag="028" ind1="3" ind2="2">
			<marc:subfield code="a">CH65681</marc:subfield>
			<marc:subfield code="b">Chester Music</marc:subfield>
		</marc:datafield>
		<marc:datafield tag="035" ind1=" " ind2=" ">
			<marc:subfield code="a">(UkOxU)UkOxUb15470642</marc:subfield>
		</marc:datafield>
		<marc:datafield tag="100" ind1="1" ind2=" ">
			<marc:subfield code="a">Chopin, Fre패de패ric,</marc:subfield>
			<marc:subfield code="d">1810-1849.</marc:subfield>
		</marc:datafield>
		<marc:datafield tag="240" ind1="1" ind2="0">
			<marc:subfield code="a">Piano music.</marc:subfield>
			<marc:subfield code="k">Selections</marc:subfield>
		</marc:datafield>
		<marc:datafield tag="245" ind1="1" ind2="4">
			<marc:subfield code="a">The essential collection Chopin :</marc:subfield>
			<marc:subfield code="b">gold.</marc:subfield>
		</marc:datafield>
		<marc:datafield tag="246" ind1="3" ind2=" ">
			<marc:subfield code="a">Chopin :</marc:subfield>
			<marc:subfield code="b">gold : the essential collection</marc:subfield>
		</marc:datafield>
		<marc:datafield tag="246" ind1="3" ind2=" ">
			<marc:subfield code="a">Gold :</marc:subfield>
			<marc:subfield code="b">Chopin : the essential collection</marc:subfield>
		</marc:datafield>
		<marc:datafield tag="260" ind1=" " ind2=" ">
			<marc:subfield code="a">London :</marc:subfield>
			<marc:subfield code="b">Chester Music,</marc:subfield>
			<marc:subfield code="c">c2002.</marc:subfield>
		</marc:datafield>
		<marc:datafield tag="300" ind1=" " ind2=" ">
			<marc:subfield code="a">96 p. of music ;</marc:subfield>
			<marc:subfield code="c">31 cm.</marc:subfield>
		</marc:datafield>
		<marc:datafield tag="500" ind1=" " ind2=" ">
			<marc:subfield code="a">26 pieces for piano, including 8 simplified arrangements and an arrangement of the second movement from Piano concerto no.1.</marc:subfield>
		</marc:datafield>
		<marc:datafield tag="500" ind1=" " ind2=" ">
			<marc:subfield code="a">Arrangements by Jerry Lanning and Jack Long.</marc:subfield>
		</marc:datafield>
		<marc:datafield tag="500" ind1=" " ind2=" ">
			<marc:subfield code="a">Includes biographical note.</marc:subfield>
		</marc:datafield>
		<marc:datafield tag="650" ind1=" " ind2="0">
			<marc:subfield code="a">Piano music.</marc:subfield>
		</marc:datafield>
		<marc:datafield tag="650" ind1=" " ind2="0">
			<marc:subfield code="a">Piano music</marc:subfield>
			<marc:subfield code="v">Simplified editions.</marc:subfield>
		</marc:datafield>
		<marc:datafield tag="700" ind1="1" ind2=" ">
			<marc:subfield code="a">Lanning, Jerry.</marc:subfield>
		</marc:datafield>
		<marc:datafield tag="700" ind1="1" ind2=" ">
			<marc:subfield code="a">Long, Jack.</marc:subfield>
		</marc:datafield>
		<marc:datafield tag="700" ind1="1" ind2="2">
			<marc:subfield code="a">Chopin, Fre패de패ric,</marc:subfield>
			<marc:subfield code="d">1810-1849.</marc:subfield>
			<marc:subfield code="t">Concertos,</marc:subfield>
			<marc:subfield code="m">piano, orchestra,</marc:subfield>
			<marc:subfield code="n">no. 1, op. 11,</marc:subfield>
			<marc:subfield code="r">E minor.</marc:subfield>
			<marc:subfield code="p">Romance;</marc:subfield>
			<marc:subfield code="o">arr.</marc:subfield>
		</marc:datafield>
		<marc:datafield tag="948" ind1="1" ind2=" ">
			<marc:subfield code="a">20070525</marc:subfield>
			<marc:subfield code="b">sf214</marc:subfield>
			<marc:subfield code="c">ULMUS-h</marc:subfield>
			<marc:subfield code="d">c</marc:subfield>
		</marc:datafield>
	</marc:record>