
	<marc:record>
		<marc:leader>00726ccm a2200205 a 4500</marc:leader>
		<marc:controlfield tag="001">2091114</marc:controlfield>
		<marc:controlfield tag="005">20090122131312.0</marc:controlfield>
		<marc:controlfield tag="008">890731s1988    enk||z  |||||||n    zxx| </marc:controlfield>
		<marc:datafield tag="015" ind1=" " ind2=" ">
			<marc:subfield code="a">mu8906626</marc:subfield>
		</marc:datafield>
		<marc:datafield tag="028" ind1="3" ind2="2">
			<marc:subfield code="a">F 128</marc:subfield>
		</marc:datafield>
		<marc:datafield tag="035" ind1=" " ind2=" ">
			<marc:subfield code="9">7777133268</marc:subfield>
		</marc:datafield>
		<marc:datafield tag="084" ind1=" " ind2=" ">
			<marc:subfield code="a">SRPK/LFF</marc:subfield>
			<marc:subfield code="2">bcmc</marc:subfield>
		</marc:datafield>
		<marc:datafield tag="100" ind1="1" ind2=" ">
			<marc:subfield code="a">Elgar, Edward,</marc:subfield>
			<marc:subfield code="d">1857-1934.</marc:subfield>
		</marc:datafield>
		<marc:datafield tag="240" ind1="1" ind2="0">
			<marc:subfield code="a">Concertos,</marc:subfield>
			<marc:subfield code="m">violoncello, orchestra,</marc:subfield>
			<marc:subfield code="n">op. 85,</marc:subfield>
			<marc:subfield code="r">E minor;</marc:subfield>
			<marc:subfield code="o">arr.</marc:subfield>
		</marc:datafield>
		<marc:datafield tag="245" ind1="0" ind2="0">
			<marc:subfield code="a">Cello concerto op. 85 /</marc:subfield>
			<marc:subfield code="c">Edward Elgar ; arranged for cello and piano by the composer ; edited by Eirian Griffiths.</marc:subfield>
		</marc:datafield>
		<marc:datafield tag="260" ind1=" " ind2=" ">
			<marc:subfield code="a">Corby :</marc:subfield>
			<marc:subfield code="b">Fentone Music,</marc:subfield>
			<marc:subfield code="c">c1988.</marc:subfield>
		</marc:datafield>
		<marc:datafield tag="300" ind1=" " ind2=" ">
			<marc:subfield code="a">1 score (34p) +</marc:subfield>
			<marc:subfield code="e">1 part ;</marc:subfield>
			<marc:subfield code="c">31cm.</marc:subfield>
		</marc:datafield>
		<marc:datafield tag="599" ind1=" " ind2=" ">
			<marc:subfield code="a">Item no. 4 in volume M370.a.95.63-</marc:subfield>
		</marc:datafield>
		<marc:datafield tag="650" ind1=" " ind2="0">
			<marc:subfield code="a">Concertos (Violoncello)</marc:subfield>
			<marc:subfield code="v">Solo with piano.</marc:subfield>
		</marc:datafield>
		<marc:datafield tag="700" ind1="1" ind2=" ">
			<marc:subfield code="a">Griffiths, Eirian.</marc:subfield>
		</marc:datafield>
	</marc:record>