
	<marc:record>
		<marc:leader>00861ccm a2200217 a 4500</marc:leader>
		<marc:controlfield tag="001">2091109</marc:controlfield>
		<marc:controlfield tag="005">20090122131310.0</marc:controlfield>
		<marc:controlfield tag="008">020607s1986    enk||b  |||||||n    zxx|d</marc:controlfield>
		<marc:datafield tag="035" ind1=" " ind2=" ">
			<marc:subfield code="a">(CStRLIN)NYRY6191078-C</marc:subfield>
		</marc:datafield>
		<marc:datafield tag="035" ind1=" " ind2=" ">
			<marc:subfield code="9">7777544535</marc:subfield>
		</marc:datafield>
		<marc:datafield tag="084" ind1=" " ind2=" ">
			<marc:subfield code="a">MPSRF</marc:subfield>
			<marc:subfield code="2">bcmc</marc:subfield>
		</marc:datafield>
		<marc:datafield tag="100" ind1="1" ind2=" ">
			<marc:subfield code="a">Elgar, Edward,</marc:subfield>
			<marc:subfield code="d">1857-1934.</marc:subfield>
		</marc:datafield>
		<marc:datafield tag="240" ind1="1" ind2="0">
			<marc:subfield code="a">Concertos,</marc:subfield>
			<marc:subfield code="m">violoncello, orchestra,</marc:subfield>
			<marc:subfield code="n">op. 85,</marc:subfield>
			<marc:subfield code="r">E minor</marc:subfield>
		</marc:datafield>
		<marc:datafield tag="245" ind1="0" ind2="0">
			<marc:subfield code="a">Concerto for violoncello and orchestra, E minor =</marc:subfield>
			<marc:subfield code="b">e-Moll = Mi mineur : op. 85 /</marc:subfield>
			<marc:subfield code="c">Edward Elgar.</marc:subfield>
		</marc:datafield>
		<marc:datafield tag="260" ind1=" " ind2=" ">
			<marc:subfield code="a">London :</marc:subfield>
			<marc:subfield code="b">Ernst Eulenburg,</marc:subfield>
			<marc:subfield code="c">c1986.</marc:subfield>
		</marc:datafield>
		<marc:datafield tag="300" ind1=" " ind2=" ">
			<marc:subfield code="a">1 miniature score (x, 104p) :</marc:subfield>
			<marc:subfield code="b">facsim ;</marc:subfield>
			<marc:subfield code="c">19cm.</marc:subfield>
		</marc:datafield>
		<marc:datafield tag="500" ind1=" " ind2=" ">
			<marc:subfield code="a">Preface in English by Diane McVeagh with German translation by Norbert Henning.</marc:subfield>
		</marc:datafield>
		<marc:datafield tag="500" ind1=" " ind2=" ">
			<marc:subfield code="a">Publisher's no.: Edition Eulenburg no. 1814.</marc:subfield>
		</marc:datafield>
		<marc:datafield tag="599" ind1=" " ind2=" ">
			<marc:subfield code="a">Item no. 2 in volume M310.d.95.431.</marc:subfield>
		</marc:datafield>
		<marc:datafield tag="650" ind1=" " ind2="0">
			<marc:subfield code="a">Concertos (Violoncello)</marc:subfield>
			<marc:subfield code="v">Scores.</marc:subfield>
		</marc:datafield>
		<marc:datafield tag="700" ind1="1" ind2=" ">
			<marc:subfield code="a">McVeagh, Diana M.,</marc:subfield>
			<marc:subfield code="d">1926-</marc:subfield>
		</marc:datafield>
	</marc:record>
</marc:collection>
